@article{Field_2014,
  doi = {10.1103/physrevx.4.031006},
  url = {http://dx.doi.org/10.1103/PhysRevX.4.031006},
  year = {2014},
  month = {jul},
  publisher = {American Physical Society ({APS})},
  volume = {4},
  number = {3},
  author = {Scott E. Field and Chad R. Galley and Jan S. Hesthaven and Jason Kaye and Manuel Tiglio},
  title = {{Fast Prediction and Evaluation of Gravitational Waveforms Using Surrogate Models}},
  journal = {Phys. Rev. X},
}
